<record><leader>00000cas a22000007a 4500</leader><controlfield tag="001">18025775</controlfield><controlfield tag="008">880601d19671973iauwr ne      0    0eng d</controlfield><datafield ind1=" " ind2=" " tag="010"><subfield code="a">sn 88059588 </subfield></datafield><datafield ind1=" " ind2=" " tag="040"><subfield code="a">INP</subfield><subfield code="b">eng</subfield><subfield code="c">INP</subfield><subfield code="d">OCLCQ</subfield></datafield><datafield ind1=" " ind2=" " tag="042"><subfield code="a">msc</subfield></datafield><datafield ind1="0" ind2="0" tag="245"><subfield code="a">Pella chronicle-advertiser.</subfield></datafield><datafield ind1=" " ind2=" " tag="260"><subfield code="a">Pella, Iowa :</subfield><subfield code="b">M. De Zwarte,</subfield><subfield code="c">-1973.</subfield></datafield><datafield ind1=" " ind2=" " tag="300"><subfield code="a">v.</subfield></datafield><datafield ind1=" " ind2=" " tag="310"><subfield code="a">Weekly,</subfield><subfield code="b">&lt;Aug. 22, 1973&gt;</subfield></datafield><datafield ind1=" " ind2=" " tag="321"><subfield code="a">Semiweekly (except Memorial Day, July 4th, Labor Day and Christmas weeks),</subfield><subfield code="b">&lt;Sept. 19, 1967&gt;</subfield></datafield><datafield ind1="1" ind2=" " tag="362"><subfield code="a">Began in 1967?</subfield></datafield><datafield ind1="0" ind2=" " tag="362"><subfield code="a">-v. 109, no. 34 (Aug. 22, 1973).</subfield></datafield><datafield ind1=" " ind2=" " tag="500"><subfield code="a">Publisher varies.</subfield></datafield><datafield ind1=" " ind2=" " tag="588"><subfield code="a">Description based on: Vol. 103, no. 72 (Sept. 19, 1967).</subfield></datafield><datafield ind1=" " ind2=" " tag="752"><subfield code="a">United States</subfield><subfield code="b">Iowa</subfield><subfield code="c">Marion</subfield><subfield code="d">Pella.</subfield></datafield><datafield ind1="0" ind2="0" tag="780"><subfield code="t">Pella chronicle (Pella, Iowa : 1901)</subfield><subfield code="w">(DLC)sn 88059554</subfield></datafield><datafield ind1="0" ind2="0" tag="785"><subfield code="t">Pella chronicle (Pella, Iowa : 1973)</subfield><subfield code="w">(DLC)sn 88059589</subfield></datafield></record>